@inproceedings{DBLP:conf/nfm/GiaquintaHIMN18,
  author    = {Ruben Giaquinta and
               Ruth Hoffmann and
               Murray Ireland and
               Alice Miller and
               Gethin Norman},
  title     = {Strategy Synthesis for Autonomous Agents Using {PRISM}},
  booktitle = {{NASA} Formal Methods - 10th International Symposium, {NFM} 2018,
               Newport News, VA, USA, April 17-19, 2018, Proceedings},
  pages     = {220--236},
  year      = {2018},
  crossref  = {DBLP:conf/nfm/2018},
  url       = {https://doi.org/10.1007/978-3-319-77935-5\_16},
  doi       = {10.1007/978-3-319-77935-5\_16},
  timestamp = {Fri, 04 May 2018 08:06:41 +0200},
  biburl    = {https://dblp.org/rec/bib/conf/nfm/GiaquintaHIMN18},
  bibsource = {dblp computer science bibliography, https://dblp.org}
}
@proceedings{DBLP:conf/nfm/2018,
  editor    = {Aaron Dutle and
               C{\'{e}}sar A. Mu{\~{n}}oz and
               Anthony Narkawicz},
  title     = {{NASA} Formal Methods - 10th International Symposium, {NFM} 2018,
               Newport News, VA, USA, April 17-19, 2018, Proceedings},
  series    = {Lecture Notes in Computer Science},
  volume    = {10811},
  publisher = {Springer},
  year      = {2018},
  url       = {https://doi.org/10.1007/978-3-319-77935-5},
  doi       = {10.1007/978-3-319-77935-5},
  isbn      = {978-3-319-77934-8},
  timestamp = {Fri, 04 May 2018 08:06:41 +0200},
  biburl    = {https://dblp.org/rec/bib/conf/nfm/2018},
  bibsource = {dblp computer science bibliography, https://dblp.org}
}
@inproceedings{DBLP:journals/corr/abs-1111-0086,
  author    = {Maxime Beauquier and
               Carsten Sch{\"{u}}rmann},
  title     = {A Bigraph Relational Model},
  booktitle = {Proceedings Sixth International Workshop on Logical Frameworks and
               Meta-languages: Theory and Practice, {LFMTP} 2011, Nijmegen, The Netherlands,
               August 26, 2011.},
  pages     = {14--28},
  year      = {2011},
  crossref  = {DBLP:journals/corr/abs-1110-6685},
  url       = {https://doi.org/10.4204/EPTCS.71.2},
  doi       = {10.4204/EPTCS.71.2},
  timestamp = {Wed, 03 May 2017 14:47:54 +0200},
  biburl    = {https://dblp.org/rec/bib/journals/corr/abs-1111-0086},
  bibsource = {dblp computer science bibliography, https://dblp.org}
}
@proceedings{DBLP:journals/corr/abs-1110-6685,
  editor    = {Herman Geuvers and
               Gopalan Nadathur},
  title     = {Proceedings Sixth International Workshop on Logical Frameworks and
               Meta-languages: Theory and Practice, {LFMTP} 2011, Nijmegen, The Netherlands,
               August 26, 2011},
  series    = {{EPTCS}},
  volume    = {71},
  year      = {2011},
  url       = {https://doi.org/10.4204/EPTCS.71},
  doi       = {10.4204/EPTCS.71},
  timestamp = {Wed, 03 May 2017 14:47:54 +0200},
  biburl    = {https://dblp.org/rec/bib/journals/corr/abs-1110-6685},
  bibsource = {dblp computer science bibliography, https://dblp.org}
}
@article{DBLP:journals/entcs/KrivineMT08,
  author    = {Jean Krivine and
               Robin Milner and
               Angelo Troina},
  title     = {Stochastic Bigraphs},
  journal   = {Electr. Notes Theor. Comput. Sci.},
  volume    = {218},
  pages     = {73--96},
  year      = {2008},
  url       = {https://doi.org/10.1016/j.entcs.2008.10.006},
  doi       = {10.1016/j.entcs.2008.10.006},
  timestamp = {Sun, 28 May 2017 13:22:57 +0200},
  biburl    = {https://dblp.org/rec/bib/journals/entcs/KrivineMT08},
  bibsource = {dblp computer science bibliography, https://dblp.org}
}
@phdthesis{DBLP:phd/ethos/Sevegnani12,
  author    = {Michele Sevegnani},
  title     = {Bigraphs with sharing and applications in wireless networks},
  school    = {University of Glasgow, {UK}},
  year      = {2012},
  url       = {http://theses.gla.ac.uk/3742/},
  timestamp = {Fri, 19 Aug 2016 19:15:37 +0200},
  biburl    = {https://dblp.org/rec/bib/phd/ethos/Sevegnani12},
  bibsource = {dblp computer science bibliography, https://dblp.org}
}
@article{dblp:journals/tcs/sevegnanic15,
  author    = {Michele Sevegnani and
               Muffy Calder},
  title     = {Bigraphs with sharing},
  journal   = {Theor. Comput. Sci.},
  volume    = {577},
  pages     = {43--73},
  year      = {2015},
  url       = {https://doi.org/10.1016/j.tcs.2015.02.011},
  doi       = {10.1016/j.tcs.2015.02.011},
  timestamp = {Wed, 14 Jun 2017 20:32:09 +0200},
  biburl    = {https://dblp.org/rec/bib/journals/tcs/SevegnaniC15},
  bibsource = {dblp computer science bibliography, https://dblp.org}
}
@inproceedings{DBLP:conf/cav/SevegnaniC16,
  author    = {Michele Sevegnani and
               Muffy Calder},
  title     = {{BigraphER}: Rewriting and Analysis Engine for Bigraphs},
  booktitle = {Computer Aided Verification - 28th International Conference, {CAV}
               2016, Toronto, ON, Canada, July 17-23, 2016, Proceedings, Part {II}},
  pages     = {494--501},
  year      = {2016},
  crossref  = {DBLP:conf/cav/2016-2},
  url       = {https://doi.org/10.1007/978-3-319-41540-6\_27},
  doi       = {10.1007/978-3-319-41540-6\_27},
  timestamp = {Thu, 01 Jun 2017 18:57:43 +0200},
  biburl    = {https://dblp.org/rec/bib/conf/cav/SevegnaniC16},
  bibsource = {dblp computer science bibliography, https://dblp.org}
}
@proceedings{DBLP:conf/cav/2016-2,
  editor    = {Swarat Chaudhuri and
               Azadeh Farzan},
  title     = {Computer Aided Verification - 28th International Conference, {CAV}
               2016, Toronto, ON, Canada, July 17-23, 2016, Proceedings, Part {II}},
  series    = {Lecture Notes in Computer Science},
  volume    = {9780},
  publisher = {Springer},
  year      = {2016},
  url       = {https://doi.org/10.1007/978-3-319-41540-6},
  doi       = {10.1007/978-3-319-41540-6},
  isbn      = {978-3-319-41539-0},
  timestamp = {Thu, 25 May 2017 00:39:07 +0200},
  biburl    = {https://dblp.org/rec/bib/conf/cav/2016-2},
  bibsource = {dblp computer science bibliography, https://dblp.org}
}
@inproceedings{DBLP:conf/icalp/ConfortiMS05,
  author    = {Giovanni Conforti and
               Damiano Macedonio and
               Vladimiro Sassone},
  title     = {Spatial Logics for Bigraphs},
  booktitle = {Automata, Languages and Programming, 32nd International Colloquium,
               {ICALP} 2005, Lisbon, Portugal, July 11-15, 2005, Proceedings},
  pages     = {766--778},
  year      = {2005},
  crossref  = {DBLP:conf/icalp/2005},
  url       = {https://doi.org/10.1007/11523468\_62},
  doi       = {10.1007/11523468\_62},
  timestamp = {Tue, 30 May 2017 16:36:52 +0200},
  biburl    = {https://dblp.org/rec/bib/conf/icalp/ConfortiMS05},
  bibsource = {dblp computer science bibliography, https://dblp.org}
}
@proceedings{DBLP:conf/icalp/2005,
  editor    = {Lu{\'{\i}}s Caires and
               Giuseppe F. Italiano and
               Lu{\'{\i}}s Monteiro and
               Catuscia Palamidessi and
               Moti Yung},
  title     = {Automata, Languages and Programming, 32nd International Colloquium,
               {ICALP} 2005, Lisbon, Portugal, July 11-15, 2005, Proceedings},
  series    = {Lecture Notes in Computer Science},
  volume    = {3580},
  publisher = {Springer},
  year      = {2005},
  url       = {https://doi.org/10.1007/11523468},
  doi       = {10.1007/11523468},
  isbn      = {3-540-27580-0},
  timestamp = {Tue, 30 May 2017 16:36:52 +0200},
  biburl    = {https://dblp.org/rec/bib/conf/icalp/2005},
  bibsource = {dblp computer science bibliography, https://dblp.org}
}